<record><leader>00000cas a22000007a 4500</leader><controlfield tag="001">18564576</controlfield><controlfield tag="008">881004d19641965nyuwr ne      0    0eng d</controlfield><datafield ind1=" " ind2=" " tag="010"><subfield code="a">sn 88074776 </subfield></datafield><datafield ind1=" " ind2=" " tag="040"><subfield code="a">NYS</subfield><subfield code="b">eng</subfield><subfield code="c">NYS</subfield><subfield code="d">OCLCQ</subfield></datafield><datafield ind1=" " ind2=" " tag="042"><subfield code="a">msc</subfield></datafield><datafield ind1="0" ind2=" " tag="130"><subfield code="a">Patriot (Johnstown, N.Y. : 1964)</subfield></datafield><datafield ind1="1" ind2="0" tag="245"><subfield code="a">Patriot.</subfield></datafield><datafield ind1=" " ind2=" " tag="260"><subfield code="a">Johnstown, N.Y. :</subfield><subfield code="b">C.H. Grose,</subfield><subfield code="c">1964-1965.</subfield></datafield><datafield ind1=" " ind2=" " tag="300"><subfield code="a">v.</subfield></datafield><datafield ind1=" " ind2=" " tag="310"><subfield code="a">Weekly</subfield></datafield><datafield ind1="0" ind2=" " tag="362"><subfield code="a">Vol. 2, no. 17 (Jan. 2, 1964)-v. 4, no. 11 (Nov. 11, 1965).</subfield></datafield><datafield ind1=" " ind2="4" tag="651"><subfield code="a">Johnstown (N.Y.)</subfield><subfield code="v">Newspapers.</subfield></datafield><datafield ind1=" " ind2=" " tag="752"><subfield code="a">United States</subfield><subfield code="b">New York</subfield><subfield code="c">Fulton</subfield><subfield code="d">Johnstown.</subfield></datafield><datafield ind1="0" ind2="0" tag="780"><subfield code="t">Sir Bill patriot (Johnstown, N.Y. : 1962)</subfield><subfield code="w">(DLC)sn 88074438</subfield></datafield><datafield ind1="0" ind2="0" tag="785"><subfield code="t">Sir Bill patriot (Johnstown, N.Y. : 1965)</subfield><subfield code="w">(DLC)sn 88074869</subfield></datafield><datafield ind1="1" ind2=" " tag="029"><subfield code="a">AU@</subfield><subfield code="b">000020668606</subfield></datafield></record>